@misc{snap2017prospectus,
  author = {{Snap Inc}},
  title = {Prospectus},
  publisher = {U.S. Securities and Exchange Commission},
  url = {https://www.sec.gov/Archives/edgar/data/1564408/000119312517068848/d270216d424b4.htm},
  year = {2017},
  month ={mar}
},
@misc{CIPAfilmCameraStats,
  author = {{CIPA}},
  title = {Total Shipments of Film Cameras(Classified by Model)},
  publisher = {CIPA},
  url = {http://www.cipa.jp/stats/documents/common/cr400.pdf},
  year = {2008},
  month ={mar}
},
@book{hannavy2013encyclopedia,
  title={Encyclopedia of Nineteenth-Century Photography},
  author={Hannavy, J.},
  isbn={9781135873271},
  url={https://books.google.com.pe/books?id=Kd5cAgAAQBAJ},
  year={2013},
  publisher={Taylor \& Francis}
},
@inproceedings{bakhshi2015we,
  title={Why We Filter Our Photos and How It Impacts Engagement.},
  author={Bakhshi, Saeideh and Shamma, David A and Kennedy, Lyndon and Gilbert, Eric},
  booktitle={ICWSM},
  pages={12--21},
  year={2015}
},
@article{vaterlaus2016snapchat,
  title={“Snapchat is more personal”: An exploratory study on Snapchat behaviors and young adult interpersonal relationships},
  author={Vaterlaus, J Mitchell and Barnett, Kathryn and Roche, Cesia and Young, Jimmy A},
  journal={Computers in Human Behavior},
  volume={62},
  pages={594--601},
  year={2016},
  publisher={Elsevier}
},
@book{edwards2004photographs,
  title={Photographs Objects Histories: On the Materiality of Images},
  author={Edwards, E. and Hart, J.},
  isbn={9781134523566},
  url={https://books.google.com.pe/books?id=TIeBAgAAQBAJ},
  year={2004},
  publisher={Taylor \& Francis}
},
@misc{photoBooth,
  title={Photo Booth Help},
  author={{Apple Inc.}},
  url={https://support.apple.com/guide/photo-booth/welcome},
  publisher={{Apple Inc.}}
},
@misc{funBooth,
  title={Fun Booth},
  author={{Spoonjuice, LLC.}},
  url={https://itunes.apple.com/us/app/fun-booth/id412715794?mt=12},
  publisher={{Apple Inc.}},
  year={2013}
},
@misc{TheOrigi29,
  author = {},
  title = {The Original Snapchat | Elise Tries | NPR - YouTube},
  howpublished = {\url{https://www.youtube.com/watch?v=kUeQcjM5Zuc}},
  year = {2017}
},
@misc{YouCam7A82,
  author = {{CyberLink}},
  title = {YouCam 7 - App para Camara y Webcam | CyberLink}
},
@misc{Webcamso75,
  author = {ManyCam},
  title = {Webcam software for Windows and Mac features |ManyCam},
  howpublished = {\url{https://manycam.com/features/}}
},
@misc{AppsChee13,
  author = {{GNOME Foundation}},
  title = {Apps/Cheese - GNOME Wiki!},
  howpublished = {\url{https://wiki.gnome.org/Apps/Cheese}}
},
@misc{whatIsFreeSoftware,
  author = {{Free Software Foundation}},
  title = {What is free software? - GNU Project - Free Software Foundation},
  howpublished = {\url{https://www.gnu.org/philosophy/free-sw.en.html}},
},
@misc{cheeseLicense,
  author = {Daniel G. Siegel},
  title = {Cheese - Take photos and videos with your webcam, with fun graphical effects},
  howpublished = {\url{https://git.gnome.org/browse/cheese/tree/COPYING}},
  year = {2007}
},
@article{gsoc1,
  author={Bruce Byfield},
  title={Google's Summer of Code concludes},
  url={https://www.linux.com/news/googles-summer-code-concludes},
  journal={Linux.com | The source for Linux information},
  year={2005},
  month={Sep}
},
@misc{Bug6279256,
  author = {Yann},
  title = {Bug 627928 - Add purikura effects (GstGLDifferenceMatte and GstGLPixbufOverlay)},
  howpublished = {\url{https://bugzilla.gnome.org/show\_bug.cgi?id=627928}},
  note = {Yann es un nombre de pantalla},
  year = {2011}
},
@misc{faceoverlay,
  author = {Laura Lucas Alday},
  title = {GStreamer faceoverlay plugin},
  howpublished = {\url{https://cgit.freedesktop.org/gstreamer/gst-plugins-bad/tree/gst/faceoverlay/gstfaceoverlay.c?id=ee021c04187f17562c9e8b5693fb3b4765648ca5}},
  year = {2011}
},
@article{gopw1,
  journal = {{GNOME Foundation}},
  publisher = {{GNOME}},
  title = {GNOME Project Announces Outreach Program for Women Interns},
  url = {https://www.gnome.org/press/2010/11/gnome-project-announces-outreach-program-for-women-interns/},
  year = {2010}
},
@misc{CFOCHfunnyStickersCheese,
  author = {César Fabián {Orccón Chipana}},
  title = {FUNNY STICKERS IN CHEESE},
  howpublished = {\url{https://cfoch.github.io/2016/03/24/funny-stickers-in-cheese.html}},
  year = {2016}
},
@misc{Bug6641489,
  author = {Laura {Lucas Alday}},
  title = {Bug 664140 - Add new effect: SVG Image Overlay},
  howpublished = {\url{https://bugzilla.gnome.org/show\_bug.cgi?id=664140}},
  year = {2016}
},
@misc{Bug7640127,
  author = {César Fabián {Orccón Chipana}},
  title = {Bug 764011 - faceoverlay: port to Gstreamer 1.x},
  howpublished = {\url{https://bugzilla.gnome.org/show\_bug.cgi?id=764011}},
  year = {2016}
}

@misc{Bug7691771,
  author = {César Fabián {Orccón Chipana}},
  title = {Bug 769176 - gstfaceoverlay: Detect multiple faces and allow to overlay multiple images with different types.},
  howpublished = {\url{https://bugzilla.gnome.org/show\_bug.cgi?id=769176}},
  year = {2016}
},
@misc{cuatroLibertades,
  author = {{Free Software Foundation}},
  title = {¿Qué es el software libre? - Proyecto GNU - Free Software Foundation},
  howpublished = {\url{https://www.gnu.org/philosophy/free-sw.es.html}}
},
@misc{gnuCategories,
  author = {{Free Software Foundation}},
  title = {Categories of free and nonfree software},
  howpublished = {\url{https://www.gnu.org/philosophy/categories.en.html}}
},
@misc{GNOMETranslationTeams,
  author = {{The GNOME Project}},
  title = {GNOME Translation Teams},
  howpublished = {\url{https://l10n.gnome.org/teams/}}
},
@misc{GNOMEProjects,
  author = {{The GNOME Project}},
  title = {Projects - GNOME Wiki!},
  howpublished = {\url{https://wiki.gnome.org/Projects}}
},
@misc{GNOMEFoundation,
  author = {{GNOME Foundation}},
  title = {The GNOME Foundation – GNOME},
  howpublished = {\url{https://www.gnome.org/foundation/}},
},
@misc{GStreamerFeatures,
  author = {{GStreamer Team}},
  title = {GStreamer: features},
  howpublished = {\url{https://gstreamer.freedesktop.org/features/index.html}}
},
@book{boulton2017gstreamer,
  title={Gstreamer 1.10 Plugin Writer's Guide},
  author={Boulton, R.J. and Walthinsen, E. and Baker, S.},
  isbn={9789888407019},
  url={https://books.google.com.pe/books?id=P7vZAQAACAAJ},
  year={2017},
  publisher={Samurai Media Limited}
},
@book{taymans2016gstreamer,
  title={Gstreamer 1.8.3 Application Development Manual},
  author={Taymans, W. and Baker, S. and Wingo, A.},
  isbn={9789888406654},
  url={https://books.google.com.pe/books?id=6ow7vgAACAAJ},
  year={2016},
  publisher={ARTPOWER International PUB}
},
@misc{clutterOverview,
  author = {Emmanuele Bassi},
  title = {Clutter Reference Manual},
  howpublished = {\url{https://developer.gnome.org/clutter/stable/clutter-overview.html}}
},
@misc{valaOverview,
  author = {{The GNOME Project}},
  title = {Vala Reference Manual},
  howpublished = {\url{https://wiki.gnome.org/Projects/Vala/Manual/Overview}}
},
@misc{GNOMEVideoEffects,
  author = {{The GNOME Project}},
  title = {Projects/GnomeVideoEffects - GNOME Wiki!},
  howpublished = {\url{https://wiki.gnome.org/Projects/GnomeVideoEffects}}
},
@misc{cheeseReferenceManual,
  author = {{The GNOME Project}},
  title = {cheese: Cheese Reference Manual},
  howpublished = {\url{https://developer.gnome.org/cheese/stable/cheese.html}}
},
@misc{cheeseApp,
  author = {{The GNOME Project}},
  title = {Apps/Cheese - GNOME Wiki!},
  howpublished = {\url{https://wiki.gnome.org/Apps/Cheese}}
},
@misc{openCVAbout,
  author = {{OpenCV team}},
  title = {About - OpenCV library},
  howpublished = {\url{http://opencv.org/about.html}},
},
@misc{dlib,
  key = {dlib C++ Library},
  title = {dlib C++ Library},
  howpublished = {\url{http://dlib.net/}}
},
@misc{dlibLicense,
  key = {dlib C++ Library - License},
  title = {dlib C++ Library - License},
  howpublished = {\url{http://dlib.net/license.html}},
},
@misc{dlibHOG,
  author = {Davis King},
  title = {dlib C++ Library: Dlib 18.6 released: Make your own object detector!},
  howpublished = {\url{http://blog.dlib.net/2014/02/dlib-186-released-make-your-own-object.html}},
  year = {2014}
},
@misc{dlib1ms,
  author = {Davis King},
  title = {dlib C++ Library: Real-Time Face Pose Estimation},
  howpublished = {\url{http://blog.dlib.net/2014/08/real-time-face-pose-estimation.html}},
  year = {2014}
},
@misc{openCV,
  author = {{OpenCV team}},
  title = {About - http://opencv.org/},
  howpublished = {\url{http://opencv.org}},
},
@misc{dlibUsers,
  author = {Davis King, Gareth},
  title = {dlib C++ Library / Wiki / Known\_users},
  howpublished = {\url{https://sourceforge.net/p/dclib/wiki/Known\_users/}},
  year = {2009}
},
@misc{faceXLicense,
  author = {Yang Cao},
  title = {FaceX/LICENSE at master · delphifirst/FaceX · GitHub},
  howpublished = {\url{https://github.com/delphifirst/FaceX/blob/master/LICENSE}},
  year = {2014}
},
@misc{faceX,
  author = {Yang Cao},
  title = {delphifirst/FaceX · GitHub},
  howpublished = {\url{https://github.com/delphifirst/FaceX/blob/master/LICENSE}},
  year = {2014}
},
@misc{dlibLicense2,
  author = {Davis King},
  title = {dlib/LICENSE.txt at master · davisking/dlib · GitHub},
  howpublished = {\url{https://github.com/davisking/dlib/blob/master/dlib/LICENSE.txt}},
  year = {2008}
},
@misc{4dfaceLicense,
  author = {Patrick Huber},
  title = {4dface/LICENSE at master · patrikhuber/4dface · GitHub},
  howpublished = {\url{https://github.com/patrikhuber/4dface/blob/master/LICENSE}},
  year = {2015}
},
@misc{4dface,
  author = {Patrick Huber},
  title = {4dface},
  howpublished = {\url{https://github.com/patrikhuber/4dface}},
  year = {2015}
},
@misc{openCVLicense,
  author = {Andrey Pavlenko},
  title = {adding LICENSE file and a sample of its reference in ocl.hpp · opencv/opencv@96f8ff2 · GitHub},
  howpublished = {\url{https://github.com/opencv/opencv/commit/96f8ff2ab8d37f362f90e10d05e3c6039c51e92b}},
  year = {2013}
},
@misc{GPLv2Compatibility,
  author = {{Free Software Foundation}},
  title = {Various Licenses and Comments about Them - GNU Project - Free Software Foundation},
  howpublished = {\url{https://www.gnu.org/licenses/license-list.en.html}},
  note = {(Accessed on 09/13/2017)}
},
@inproceedings{shaik2007robust,
  title={A robust method for multiple face tracking using Kalman filter},
  author={Shaik, Zaheer and Asari, Vijayan},
  booktitle={Applied Imagery Pattern Recognition Workshop, 2007. AIPR 2007. 36th IEEE},
  pages={125--130},
  year={2007},
  organization={IEEE}
},
@article{eleftheriadis1995automatic,
  title={Automatic face location detection and tracking for model-assisted coding of video teleconferencing sequences at low bit-rates},
  author={Eleftheriadis, Alexandros and Jacquin, Arnaud},
  journal={Signal Processing: Image Communication},
  volume={7},
  number={3},
  pages={231--248},
  year={1995},
  publisher={Elsevier}
},
@article{smolyanskiy2014real,
  title={Real-time 3D face tracking based on active appearance model constrained by depth data},
  author={Smolyanskiy, Nikolai and Huitema, Christian and Liang, Lin and Anderson, Sean Eron},
  journal={Image and Vision Computing},
  volume={32},
  number={11},
  pages={860--869},
  year={2014},
  publisher={Elsevier}
},
@article{sarkar2012real,
  title={A real-time model for multiple human face tracking from low-resolution surveillance videos},
  author={Sarkar, Rajib and Bakshi, Sambit and Sa, Pankaj K},
  journal={Procedia Technology},
  volume={6},
  pages={1004--1010},
  year={2012},
  publisher={Elsevier}
},
@article{bishop2001introduction,
  title={An introduction to the kalman filter},
  author={Bishop, Gary and Welch, Greg},
  journal={Proc of SIGGRAPH, Course},
  volume={8},
  number={27599-23175},
  pages={41},
  year={2001}
},
@article{estresAcademico,
  title={Estrés académico y conductas de salud en estudiantes universitarios de Lima},
  author={Lisset Marisol {Damian Carmin}},
  pages={10--11},
  year={2016}
}
